<?xml version="1.0" encoding="UTF-8"?><collection xmlns="http://www.loc.gov/MARC21/slim"><record><leader>00507nam--2200181-i-4500</leader><controlfield tag="001">000016850</controlfield><controlfield tag="002">20161230</controlfield><controlfield tag="005">20161230201032</controlfield><controlfield tag="008">060222s1000------------r-----000-0-rum-d</controlfield><datafield ind1=" " ind2=" " tag="041"><subfield code="a">rum</subfield></datafield><datafield ind1=" " ind2=" " tag="080"><subfield code="a">517.2/3</subfield></datafield><datafield ind1="1" ind2=" " tag="100"><subfield code="a">Arama, Lia; Morozan, Teodor</subfield></datafield><datafield ind1="1" ind2="0" tag="245"><subfield code="a">Culegere de probleme de calcul diferential si integral</subfield><subfield code="c">Lia arama; teodor morozan</subfield></datafield><datafield ind1=" " ind2=" " tag="260"><subfield code="a">Bucuresti</subfield><subfield code="b">Editura Tehnica</subfield><subfield code="c">1967</subfield></datafield><datafield ind1=" " ind2=" " tag="300"><subfield code="a">433 P</subfield></datafield><datafield ind1="1" ind2=" " tag="700"><subfield code="a">Morozan, Teodor</subfield></datafield><datafield ind1=" " ind2=" " tag="852"><subfield code="a">27758</subfield><subfield code="c">517.2/3</subfield></datafield><datafield ind1=" " ind2=" " tag="CAT"><subfield code="a">Sys</subfield><subfield code="c">20110209</subfield><subfield code="h">115958</subfield></datafield></record></collection>